@INPROCEEDINGS{original,
	AUTHOR = "Charalampos E. Tsourakakis",
	TITLE = "Fast Counting of Triangles in Large Real Networks without counting: Algorithms and Laws",
	BOOKTITLE = "2008 IEEE International Conference on Data Mining",
	PAGES = {608-617},
	YEAR = {2008}	}

@BOOK{kleinberg,
	AUTHOR = "Jon Kleinberg and Eva Tardos",
	TITLE = "Algorithm Design",
	PUBLISHER = "Pearson",
	YEAR = "2005"	}

@BOOK{diestel,
  AUTHOR = "Reinhard Diestel",
  TITLE = "Graph Theory",
  PUBLISHER = "Springer",
  EDITION = {Second},
  ADDRESS = "New York",
  YEAR = "2000" }

@INPROCEEDINGS{schank:counting,
	AUTHOR = "Thomas Schank and Dorothea Wagner",
	TITLE = "Finding, Counting, and Listing All Triangles in Large Graphs, an Experimental Study",
	BOOKTITLE = "Proceedings of the 4th international conference on Experimental and Efficient Algorithms",
	MONTH = "May",
	YEAR = {2005}	}

@INPROCEEDINGS{baryossef,
	AUTHOR = "Ziv Bar-Yossef and Ravi Kumar and D. Sivakumar",
	TITLE = "Reductions in Streaming Algorithms, with an Application to Counting Triangles in Graphs",
	BOOKTITLE = "SODA '02: Proceedings of the thirteenth annual ACM-SIAM symposium on Discrete algorithms",
	PAGES = "623-632",
	ORGANIZATION = "Society for Industrial and Applied Mathematics",
	YEAR = {2002}	}

@ARTICLE{herlihy:methodology,
	AUTHOR = "Maurice Herlihy",
	TITLE = "A Methodology for Implementing Highly Concurrent
	Data Objects",
	JOURNAL = {ACM Trans. Program. Lang. Syst.},
	VOLUME = {15},
	NUMBER = {5},
	PAGES = {745-770},
	MONTH = "November",
	YEAR = {1993}	}

@TECHREPORT{lovasz,
	AUTHOR = "Lasszlo Lovasz",
	TITLE = "Eigenvalues of graphs",
	INSTITUTION = "Department of Computer Science, Eotvos Lorand University",
	ADDRESS = "Budapest, Hungary",
  MONTH = "November",
	YEAR = "2007",
  URL = http://www.cs.elte.hu/~lovasz/eigenvals-x.pdf	}

@BOOK{golub,
  AUTHOR = "Gene H. Golub and Charles F. Van Loan",
  TITLE = "Matrix Computations",
  EDITION = {Third},
  PUBLISHER = "The John Hopkins University Press",
  ADDRESS = "Baltimore, Maryland",
  YEAR = {1996} }

@ARTICLE{mihail,
  AUTHOR = "Milena Mihail and Christos Papadimitriou",
  TITLE = "On the Eigenvalue Power Law",
  YEAR = {2002} }

@ARTICLE{simon,
  AUTHOR = "Herbert A. Simon",
  TITLE = "On a class of skew distribution functions",
  YEAR = {1955} }

@ARTICLE{harary,
  AUTHOR = "Frank Harary and Allen J. Schwenk",
  TITLE = "The spectral approach to determining the number of walks in a graph",
  JOURNAL = {Pacific Journal of Mathematics},
  VOLUME = {80},
  NUMBER = {2},
  YEAR = {1979} }

@ARTICLE{chu,
  AUTHOR = "Shumo Chu and James Cheng",
  TITLE = "Triangle Listing in Massive Networks",
  JOURNAL = {ACM Trans. Knowl. Discov. Data},
  YEAR = {2012} }

@INPROCEEDINGS{suri,
  AUTHOR = "Siddharth Suri and Sergei Vassilvitskii",
  TITLE = "Counting Triangles and the Curse of the Last Reducer",
  ORGANIZATION = "International World Wide Web Conference Committee",
  YEAR = {2011} }

@INPROCEEDINGS{becchetti,
  AUTHOR = "Luca Becchetti and Paolo Boldi and Carlos Castillo",
  TITLE = "Efficient Semi-streaming Algorithms for Local Triangle Counting in Massive Graphs",
  BOOKTITLE = "Proceedings of ACM KDD",
  YEAR = {2008} }

@ARTICLE{watts,
  AUTHOR = "Duncan J. Watts and Steven H. Strogatz",
  TITLE = "Collection of 'small-world' networks",
  JOURNAL = {Nature},
  YEAR = {1998} }

@ARTICLE{newman,
  AUTHOR = "M.E.J. Newman and D.J. Watts and S.H. Strogatz",
  TITLE = "Random graph models of social networks",
  JOURNAL = {PNAS},
  VOLUME = {99},
  YEAR = {2002} }

@ARTICLE{schank:cluster,
  AUTHOR = "Thomas Schank and Dorothea Wagner",
  TITLE = "Approximating Cluster Coefficient and Transitivity",
  JOURNAL = {Journal of Graph Algorithms and Applications},
  VOLUME = {9},
  NUMBER = {2},
  YEAR = {2005} }

@ARTICLE{ayz,
  AUTHOR = "N. Alon and R. Yuster and U. Zwick",
  TITLE = "Finding and Counting Given Length Cycles",
  JOURNAL = {Algorithmica},
  VOLUME = {17},
  YEAR = {1997} }
